@techreport{S+12-UHECR-Supp,
     title = {{Supplement to ``Multilevel Bayesian Framework for Modeling the Production,
Propagation and Detection of Ultra High Energy Cosmic Rays''}},
     author = {Kunlaya Soiaporn and David Chernoff and Thomas Loredo and David Ruppert and Ira Wasserman},
     year = {2012},
     institution = {StatLib},
     url = {http://lib.stat.cmu.edu/aoas/???/???}
}

@article {MR1379473,
    AUTHOR = {Chib, Siddhartha},
     TITLE = {Marginal likelihood from the {G}ibbs output},
   JOURNAL = {J. Amer. Statist. Assoc.},
  FJOURNAL = {Journal of the American Statistical Association},
    VOLUME = {90},
      YEAR = {1995},
    NUMBER = {432},
     PAGES = {1313--1321},
      ISSN = {0162-1459},
     CODEN = {JSTNAL},
   MRCLASS = {62F15 (62J12)},
  MRNUMBER = {1379473 (96k:62069)},
       URL = {http://links.jstor.org/sici?sici=0162-1459(199512)90:432<1313:MLFTGO>2.0.CO;2-2&origin=MSN},
}

@article{Kass:Raft:baye:1995,
    author = {Kass, Robert E. and Raftery, Adrian E.},
    title = {Bayes Factors},
    year = {1995},
    journal = {Journal of the American Statistical Association},
    volume = {90},
    pages = {773--795},
    keywords = {Hypothesis testing; Importance sampling; Markov chain Monte Carlo; Model selection},
    CISid = {166448}
}

@ARTICLE{PAO07-Aniso,
   author = {{Pierre Auger Collaboration} and {Abraham}, J. and {Abreu}, P. and
	{Aglietta}, M. and {Aguirre}, C. and {Allard}, D. and {Allekotte}, I. and
	{Allen}, J. and {Allison}, P. and {Alvarez}, C. and et al.},
    title = "{Correlation of the Highest-Energy Cosmic Rays with Nearby Extragalactic Objects}",
  journal = {Science},
archivePrefix = "arXiv",
   eprint = {0711.2256},
     year = 2007,
    month = nov,
   volume = 318,
    pages = {938-},
      doi = {10.1126/science.1151124},
   adsurl = {http://adsabs.harvard.edu/abs/2007Sci...318..938T},
  adsnote = {Provided by the SAO/NASA Astrophysics Data System}
}

@ARTICLE{PAO08-AGN,
   author = {{Pierre AUGER Collaboration} and {Abraham}, J. and {Abreu}, P. and
	{Aglietta}, M. and {Aguirre}, C. and {Allard}, D. and {Allekotte}, I. and
	{Allen}, J. and {Allison}, P. and {Alvarez-Mu{\~n}iz}, J. and et al.},
    title = "{Correlation of the highest-energy cosmic rays with the positions of nearby active galactic nuclei}",
  journal = {Astroparticle Physics},
archivePrefix = "arXiv",
   eprint = {0712.2843},
     year = 2008,
    month = apr,
   volume = 29,
    pages = {188-204},
      doi = {10.1016/j.astropartphys.2008.01.002},
   adsurl = {http://adsabs.harvard.edu/abs/2008APh....29..188P},
  adsnote = {Provided by the SAO/NASA Astrophysics Data System}
}

@ARTICLE{2008APh....28..523P,
   author = {{Pierre AUGER Collaboration} and {Letessier-Selvon}, A. and
	{Santos}, E.~M.},
    title = "{A model for the time uncertainty measurements in the Auger surface detector array}",
  journal = {Astroparticle Physics},
archivePrefix = "arXiv",
   eprint = {0705.1856},
 keywords = {96.40.-z, 96.40.Pq, 96.40.Tv},
     year = 2008,
    month = jan,
   volume = 28,
    pages = {523-528},
      doi = {10.1016/j.astropartphys.2007.09.007},
   adsurl = {http://adsabs.harvard.edu/abs/2008APh....28..523P},
  adsnote = {Provided by the SAO/NASA Astrophysics Data System}
}

@ARTICLE{PAO10-AnisoUpdate,
   author = {{Pierre AUGER Collaboration} and {Abreu}, P. and {Aglietta}, M. and
	{Ahn}, E.~J. and {Allard}, D. and {Allekotte}, I. and {Allen}, J. and
	{Alvarez Castillo}, J. and {Alvarez-Mu{\~n}iz}, J. and {Ambrosio}, M. and et al.},
    title = "{Update on the correlation of the highest energy cosmic rays with nearby extragalactic matter}",
  journal = {Astroparticle Physics},
archivePrefix = "arXiv",
   eprint = {1009.1855},
 primaryClass = "astro-ph.HE",
     year = 2010,
    month = dec,
   volume = 34,
    pages = {314-326},
      doi = {10.1016/j.astropartphys.2010.08.010},
   adsurl = {http://adsabs.harvard.edu/abs/2010APh....34..314T},
  adsnote = {Provided by the SAO/NASA Astrophysics Data System}
}

@ARTICLE{2001APh....14..271S,
   author = {{Sommers}, P.},
    title = "{Cosmic ray anisotropy analysis with a full-sky observatory}",
  journal = {Astroparticle Physics},
   eprint = {arXiv:astro-ph/0004016},
     year = 2001,
    month = jan,
   volume = 14,
    pages = {271-286},
      doi = {10.1016/S0927-6505(00)00130-4},
   adsurl = {http://adsabs.harvard.edu/abs/2001APh....14..271S},
  adsnote = {Provided by the SAO/NASA Astrophysics Data System}
}

%discovery article by Hess (for first paragraph)
@article{Hess12,
Author = {Hess, VF},
Title = {{Observations in low level radiation during seven free balloon flights.}},
Journal = {{Physikalische Zeitschrift}},
Year = {{1912}},
Volume = {{13}},
Pages = {{1084-1091}},
Publisher = {{S HIRZEL VERLAG}},
Address = {{POSTFACH 10 10 61, D-70 009 STUTTGART, GERMANY}},
Type = {{Article}},
Language = {{German}},
Subject-Category = {{Physics}},
Web-of-Science-Category = {{Physics, Multidisciplinary}},
Number-of-Cited-References = {{10}},
Times-Cited = {{134}},
Doc-Delivery-Number = {{V15FZ}},
Unique-ID = {{ISI:000201029500240}},
}

@ARTICLE{Cronin99,
   author = {{Cronin}, J.~W.},
    title = "{Cosmic rays: the most energetic particles in the universe}",
  journal = {Reviews of Modern Physics Supplement},
 keywords = {Cosmic rays, Background radiations, gamma-ray sources; gamma-ray bursts, Electric and magnetic fields, Surveys and tutorial papers; resource letters, Cosmic rays, Background radiations, gamma-ray sources; gamma-ray bursts, Electric and magnetic fields, Surveys and tutorial papers; resource letters},
     year = 1999,
    month = mar,
   volume = 71,
    pages = {165},
      doi = {10.1103/RevModPhys.71.S165},
   adsurl = {http://adsabs.harvard.edu/abs/1999RvMPS..71..165C},
  adsnote = {Provided by the SAO/NASA Astrophysics Data System}
}

%review of galactic sources (i.e. LOWER energy CR's)--for
% right after "black holes" in second paragraph with appropriate
% words (for a recent review...)
@ARTICLE{Hillas06,
   author = {{Hillas}, A.~M.},
    title = "{Cosmic Rays: Recent Progress and some Current Questions}",
  journal = {ArXiv Astrophysics e-prints},
   eprint = {arXiv:astro-ph/0607109},
 keywords = {Astrophysics},
     year = 2006,
    month = jul,
   adsurl = {http://adsabs.harvard.edu/abs/2006astro.ph..7109H},
  adsnote = {Provided by the SAO/NASA Astrophysics Data System}
}


%two very recent reviews of UHECRs -- add near/after first sentence
% in 3rd paragraph (with "for recent reviews...")
@ARTICLE{KO11-UHECRs,
   author = {{Kotera}, K. and {Olinto}, A.~V.},
    title = "{The Astrophysics of Ultrahigh-Energy Cosmic Rays}",
  journal = {Annual Review of Astronomy and Astrophysics},
archivePrefix = "arXiv",
   eprint = {1101.4256},
 primaryClass = "astro-ph.HE",
     year = 2011,
    month = sep,
   volume = 49,
    pages = {119-153},
      doi = {10.1146/annurev-astro-081710-102620},
   adsurl = {http://adsabs.harvard.edu/abs/2011ARA%26A..49..119K},
  adsnote = {Provided by the SAO/NASA Astrophysics Data System}
}

@ARTICLE{LS11-UHECRs,
   author = {{Letessier-Selvon}, A. and {Stanev}, T.},
    title = "{Ultrahigh energy cosmic rays}",
  journal = {Reviews of Modern Physics},
archivePrefix = "arXiv",
   eprint = {1103.0031},
 primaryClass = "astro-ph.HE",
 keywords = {Cosmic rays, Extensive air showers, Composition, energy spectra and interactions},
     year = 2011,
    month = jul,
   volume = 83,
    pages = {907-942},
      doi = {10.1103/RevModPhys.83.907},
   adsurl = {http://adsabs.harvard.edu/abs/2011RvMP...83..907L},
  adsnote = {Provided by the SAO/NASA Astrophysics Data System}
}


%GZK cutoff refs -- add after "GZK" in third paragraph
@ARTICLE{G66-GZK,
   author = {{Greisen}, K.},
    title = "{End to the Cosmic-Ray Spectrum?}",
  journal = {Physical Review Letters},
     year = 1966,
    month = apr,
   volume = 16,
    pages = {748-750},
      doi = {10.1103/PhysRevLett.16.748},
   adsurl = {http://adsabs.harvard.edu/abs/1966PhRvL..16..748G},
  adsnote = {Provided by the SAO/NASA Astrophysics Data System}
}
@ARTICLE{ZK66-GZK,
   author = {{Zatsepin}, G.~T. and {Kuz'min}, V.~A.},
    title = "{Upper Limit of the Spectrum of Cosmic Rays}",
  journal = {Soviet Journal of Experimental and Theoretical Physics Letters},
     year = 1966,
    month = aug,
   volume = 4,
    pages = {78-+},
   adsurl = {http://adsabs.harvard.edu/abs/1966JETPL...4...78Z},
  adsnote = {Provided by the SAO/NASA Astrophysics Data System}
}

%AGASA (after first mention of AGASA, page 1, 3rd paragraph)
@ARTICLE{1992APh.....1...27C,
   author = {{Chiba}, N. and {Dion}, G.~M. and {Hayashida}, N. and {Honda}, K. and
	{Honda}, M. and {Inoue}, N. and {Kadota}, K. and {Kakimoto}, F. and
	{Kamata}, K. and {Kawaguchi}, S. and {Kawasumi}, N. and {Matsubara}, Y. and
	{Nagano}, M. and {Ohoka}, H. and {Teshima}, M. and {Tsushima}, I. and
	{Yoshida}, S. and {Yoshii}, H. and {Yoshikoshi}, T.},
    title = "{Possible evidence for {$\geq$} 10 GeV neutrons associated with the solar flare of 4 June 1991}",
  journal = {Astroparticle Physics},
     year = 1992,
    month = nov,
   volume = 1,
    pages = {27-32},
      doi = {10.1016/0927-6505(92)90006-L},
   adsurl = {http://adsabs.harvard.edu/abs/1992APh.....1...27C},
  adsnote = {Provided by the SAO/NASA Astrophysics Data System}
}

%HiRes (after first mention of HiRes, page 1, 3rd paragraph)
@ARTICLE{2002NIMPA.482..457B,
   author = {{Boyer}, J.~H. and {Knapp}, B.~C. and {Mannel}, E.~J. and {Seman}, M.
	},
    title = "{FADC-based DAQ for HiRes Fly's Eye}",
  journal = {Nuclear Instruments and Methods in Physics Research A},
     year = 2002,
    month = apr,
   volume = 482,
    pages = {457-474},
      doi = {10.1016/S0168-9002(01)01517-0},
   adsurl = {http://adsabs.harvard.edu/abs/2002NIMPA.482..457B},
  adsnote = {Provided by the SAO/NASA Astrophysics Data System}
}

%PAO (original ref to observatory, page 2 after abbreviation)
@ARTICLE{PAO04-Proto,
   author = {{Abraham}, J. and {Aglietta}, M. and {Aguirre}, I.~C. and {Albrow}, M. and
	{Allard}, D. and {Allekotte}, I. and {Allison}, P. and {Alvarez Mu{\~n}iz}, J. and
	{Do Amaral}, M.~G. and {Ambrosio}, M. and et al.},
    title = "{Properties and performance of the prototype instrument for the Pierre Auger Observatory}",
  journal = {Nuclear Instruments and Methods in Physics Research A},
 keywords = {Ultra high energy cosmic rays, Auger Observatory, Extensive air showers},
     year = 2004,
    month = may,
   volume = 523,
    pages = {50-95},
      doi = {10.1016/j.nima.2003.12.012},
   adsurl = {http://adsabs.harvard.edu/abs/2004NIMPA.523...50A},
  adsnote = {Provided by the SAO/NASA Astrophysics Data System}
}

% V ron-Cetty and V ron (2006; VCV)
@ARTICLE{VCV-12thAGNCat,
   author = {{V{\'e}ron-Cetty}, M.-P. and {V{\'e}ron}, P.},
    title = "{A catalogue of quasars and active nuclei: 12th edition}",
  journal = {Astronomy and Astrophysics},
 keywords = {galaxies: quasars: general, galaxies: Seyfert, galaxies: BL Lacertae objects: general},
     year = 2006,
    month = aug,
   volume = 455,
    pages = {773-777},
      doi = {10.1051/0004-6361:20065177},
   adsurl = {http://adsabs.harvard.edu/abs/2006A%26A...455..773V},
  adsnote = {Provided by the SAO/NASA Astrophysics Data System}
}

%Goulding et al. (2010; hereafter G10)
@ARTICLE{2010MNRAS.406..597G,
   author = {{Goulding}, A.~D. and {Alexander}, D.~M. and {Lehmer}, B.~D. and
	{Mullaney}, J.~R.},
    title = "{Towards a complete census of active galactic nuclei in nearby galaxies: the incidence of growing black holes}",
  journal = {Monthly Notices of the Royal Astronomical Society},
archivePrefix = "arXiv",
   eprint = {1003.3015},
 primaryClass = "astro-ph.GA",
 keywords = {galaxies: active, galaxies: evolution, galaxies: nuclei, galaxies: Seyfert, infrared: galaxies},
     year = 2010,
    month = jul,
   volume = 406,
    pages = {597-611},
      doi = {10.1111/j.1365-2966.2010.16700.x},
   adsurl = {http://adsabs.harvard.edu/abs/2010MNRAS.406..597G},
  adsnote = {Provided by the SAO/NASA Astrophysics Data System}
}


%[REFS] for magnetic field cr bending
@ARTICLE{NM10-CRDflxn,
   author = {{Nagar}, N.~M. and {Matulich}, J.},
    title = "{Ultra-high energy cosmic rays detected by Auger and AGASA. Corrections for galactic magnetic field deflections, source populations, and arguments for multiple components}",
  journal = {Astronomy and Astrophysics},
archivePrefix = "arXiv",
   eprint = {0912.2131},
 primaryClass = "astro-ph.HE",
 keywords = {cosmic rays, ISM: magnetic fields, galaxies: active, galaxies: jets},
     year = 2010,
    month = nov,
   volume = 523,
    pages = {A49+},
      doi = {10.1051/0004-6361/200912702},
   adsurl = {http://adsabs.harvard.edu/abs/2010A%26A...523A..49N},
  adsnote = {Provided by the SAO/NASA Astrophysics Data System}
}

@article{AKP10-CRDflxn,
  volume = {82},
  month = {Aug},
  numpages = {20},
  author = {Aharonian, F. A. and Kelner, S. R. and Prosekin, A. Yu.},
  year = {2010},
  url = {http://link.aps.org/doi/10.1103/PhysRevD.82.043002},
  doi = {10.1103/PhysRevD.82.043002},
  issue = {4},
  title = {Angular, spectral, and time distributions of highest energy protons and associated secondary gamma rays and neutrinos propagating through extragalactic magnetic and radiation fields},
  publisher = {American Physical Society},
  pages = {043002},
  journal = {Phys. Rev. D}
}

@ARTICLE{D+05-CRDflxn,
   author = {{Dolag}, K. and {Grasso}, D. and {Springel}, V. and {Tkachev}, I.
	},
    title = "{Constrained simulations of the magnetic field in the local Universe and the propagation of ultrahigh energy cosmic rays}",
  journal = {\jcap},
   eprint = {arXiv:astro-ph/0410419},
     year = 2005,
    month = jan,
   volume = 1,
    pages = {9},
      doi = {10.1088/1475-7516/2005/01/009},
   adsurl = {http://adsabs.harvard.edu/abs/2005JCAP...01..009D},
  adsnote = {Provided by the SAO/NASA Astrophysics Data System}
}

@ARTICLE{J+10-CRSources,
   author = {{Jiang}, Y.-Y. and {Hou}, L.~G. and {Han}, J.~L. and {Sun}, X.~H. and
	{Wang}, W.},
    title = "{Do Ultrahigh Energy Cosmic Rays Come from Active Galactic Nuclei and Fermi {$\gamma$}-ray Sources?}",
  journal = {Astrophysical Journal},
archivePrefix = "arXiv",
   eprint = {1004.1877},
 primaryClass = "astro-ph.HE",
 keywords = {cosmic rays, galaxies: active, magnetic fields, methods: statistical},
     year = 2010,
    month = aug,
   volume = 719,
    pages = {459-468},
      doi = {10.1088/0004-637X/719/1/459},
   adsurl = {http://adsabs.harvard.edu/abs/2010ApJ...719..459J},
  adsnote = {Provided by the SAO/NASA Astrophysics Data System}
}


@ARTICLE{PAO10-Composition,
   author = {{Abraham}, J. and {Abreu}, P. and {Aglietta}, M. and {Ahn}, E.~J. and 
	{Allard}, D. and {Allekotte}, I. and {Allen}, J. and {Alvarez-Mu{\~n}iz}, J. and 
	{Ambrosio}, M. and {Anchordoqui}, L. and et al.},
    title = "{Measurement of the Depth of Maximum of Extensive Air Showers above 10$^{18}$eV}",
  journal = {Physical Review Letters},
archivePrefix = "arXiv",
   eprint = {1002.0699},
 primaryClass = "astro-ph.HE",
 keywords = {Extensive air showers, Cosmic-ray interactions, Composition, energy spectra and interactions, Cosmic rays},
     year = 2010,
    month = mar,
   volume = 104,
   number = 9,
      eid = {091101},
    pages = {091101},
      doi = {10.1103/PhysRevLett.104.091101},
   adsurl = {http://adsabs.harvard.edu/abs/2010PhRvL.104i1101A},
  adsnote = {Provided by the SAO/NASA Astrophysics Data System}
}

@ARTICLE{PAO11-Composition,
   author = {{The Pierre Auger Collaboration} and {Abreu}, P. and {Aglietta}, M. and 
	{Ahn}, E.~J. and {Albuquerque}, I.~F.~M. and {Allard}, D. and 
	{Allekotte}, I. and {Allen}, J. and {Allison}, P. and {Alvarez Castillo}, J. and et al.},
    title = "{The Pierre Auger Observatory II: Studies of Cosmic Ray Composition and Hadronic Interaction models}",
  journal = {ArXiv e-prints},
archivePrefix = "arXiv",
   eprint = {1107.4804},
 primaryClass = "astro-ph.HE",
 keywords = {Astrophysics - High Energy Astrophysical Phenomena, High Energy Physics - Experiment},
     year = 2011,
    month = jul,
   adsurl = {http://adsabs.harvard.edu/abs/2011arXiv1107.4804T},
  adsnote = {Provided by the SAO/NASA Astrophysics Data System}
}

@ARTICLE{PAO11-CenA,
   author = {{Pierre Auger Collaboration} and {Abreu}, P. and {Aglietta}, M. and 
	{Ahn}, E.~J. and {Albuquerque}, I.~F.~M. and {Allard}, D. and 
	{Allekotte}, I. and {Allen}, J. and {Allison}, P. and {Alvarez Castillo}, J. and et al.},
    title = "{Anisotropy and chemical composition of ultra-high energy cosmic rays using arrival directions measured by the Pierre Auger Observatory}",
  journal = {\jcap},
     year = 2011,
    month = jun,
   volume = 6,
    pages = {22},
      doi = {10.1088/1475-7516/2011/06/022},
   adsurl = {http://adsabs.harvard.edu/abs/2011JCAP...06..022P},
  adsnote = {Provided by the SAO/NASA Astrophysics Data System}
}

@ARTICLE{PAO12-Composition,
   author = {{Cazon}, L. and {for the Pierre Auger Collaboration}},
    title = "{Studying the nuclear mass composition of Ultra-High Energy Cosmic Rays with the Pierre Auger Observatory}",
  journal = {ArXiv e-prints},
archivePrefix = "arXiv",
   eprint = {1201.6265},
 primaryClass = "astro-ph.HE",
 keywords = {Astrophysics - High Energy Astrophysical Phenomena},
     year = 2012,
    month = jan,
   adsurl = {http://adsabs.harvard.edu/abs/2012arXiv1201.6265C},
  adsnote = {Provided by the SAO/NASA Astrophysics Data System}
}

@Article{HiRes10-Final-short,
     author    = "Sokolsky, P. and Collaboration, for the HiRes",
     title     = "{Final Results from the High Resolution Fly's Eye (HiRes)
                  Experiment}",
     journal   = "Proc. of Science",
     volume    = "35th International Conference on High Energy Physics: ICHEP 2010",
     year      = "2010",
     pages     = "444",
     eprint    = "1010.2690",
     archivePrefix = "arXiv",
     primaryClass  =  "astro-ph.HE",
     SLACcitation  = "%%CITATION = 1010.2690;%%"
}

@ARTICLE{HiRes10-Final-arxiv,
   author = {{Sokolsky}, P. and {for the HiRes Collaboration}},
    title = "{Final Results from the High Resolution Fly's Eye (HiRes) Experiment}",
  journal = {ArXiv e-prints},
archivePrefix = "arXiv",
   eprint = {1010.2690},
 primaryClass = "astro-ph.HE",
 keywords = {Astrophysics - High Energy Astrophysical Phenomena},
     year = 2010,
    month = oct,
    econfurl = {http://www.slac.stanford.edu/econf/C1006284/},
   adsurl = {http://adsabs.harvard.edu/abs/2010arXiv1010.2690S},
  adsnote = {Provided by the SAO/NASA Astrophysics Data System}
}

@ARTICLE{B+09-CenA,
   author = {{Biermann}, P.~L. and {Becker}, J.~K. and {Caramete}, L. and 
	{Gergely}, L. and {Mari{\c s}}, I.~C. and {Meli}, A. and {de Souza}, V. and 
	{Stanev}, T.},
    title = "{Active Galactic Nuclei:. Sources for Ultra High Energy Cosmic Rays}",
  journal = {International Journal of Modern Physics D},
archivePrefix = "arXiv",
   eprint = {0904.1507},
 primaryClass = "astro-ph.HE",
 keywords = {Ultra high energy cosmic rays, active galactic nuclei, intergalactic magnetic fields},
     year = 2009,
   volume = 18,
    pages = {1577-1581},
      doi = {10.1142/S0218271809015369},
   adsurl = {http://adsabs.harvard.edu/abs/2009IJMPD..18.1577B},
  adsnote = {Provided by the SAO/NASA Astrophysics Data System}
}

@ARTICLE{BdS12-CenA,
   author = {{Biermann}, P.~L. and {de Souza}, V.},
    title = "{Centaurus A: The Extragalactic Source of Cosmic Rays with Energies above the Knee}",
  journal = {\apj},
archivePrefix = "arXiv",
   eprint = {1106.0625},
 primaryClass = "astro-ph.HE",
 keywords = {cosmic rays, galaxies: active, galaxies: jets, galaxies: starburst },
     year = 2012,
    month = feb,
   volume = 746,
      eid = {72},
    pages = {72},
      doi = {10.1088/0004-637X/746/1/72},
   adsurl = {http://adsabs.harvard.edu/abs/2012ApJ...746...72B},
  adsnote = {Provided by the SAO/NASA Astrophysics Data System}
}

@ARTICLE{PAO10-GZK,
   author = {{Abraham}, J. and {Abreu}, P. and {Aglietta}, M. and {Ahn}, E.~J. and 
	{Allard}, D. and {Allen}, J. and {Alvarez-Mu{\~n}iz}, J. and 
	{Ambrosio}, M. and {Anchordoqui}, L. and {Andringa}, S. and et al.},
    title = "{Measurement of the energy spectrum of cosmic rays above 10$^{18}$ eV using the Pierre Auger Observatory}",
  journal = {Physics Letters B},
archivePrefix = "arXiv",
   eprint = {1002.1975},
 primaryClass = "astro-ph.HE",
     year = 2010,
    month = mar,
   volume = 685,
    pages = {239-246},
      doi = {10.1016/j.physletb.2010.02.013},
   adsurl = {http://adsabs.harvard.edu/abs/2010PhLB..685..239A},
  adsnote = {Provided by the SAO/NASA Astrophysics Data System}
}

@ARTICLE{PAO08-GZK,
   author = {{Abraham}, J. and {Abreu}, P. and {Aglietta}, M. and {Aguirre}, C. and 
	{Allard}, D. and {Allekotte}, I. and {Allen}, J. and {Allison}, P. and 
	{Alvarez-Mu{\~n}iz}, J. and {Ambrosio}, M. and et al.},
    title = "{Observation of the Suppression of the Flux of Cosmic Rays above $4{\times}10^{19}$eV}",
  journal = {Physical Review Letters},
archivePrefix = "arXiv",
   eprint = {0806.4302},
 keywords = {Cosmic rays, Neutrino, muon, pion, and other elementary particles; cosmic rays, Composition, energy spectra and interactions, Extensive air showers},
     year = 2008,
    month = aug,
   volume = 101,
   number = 6,
      eid = {061101},
    pages = {061101},
      doi = {10.1103/PhysRevLett.101.061101},
   adsurl = {http://adsabs.harvard.edu/abs/2008PhRvL.101f1101A},
  adsnote = {Provided by the SAO/NASA Astrophysics Data System}
}

@Article{B+PAO09-DrxnUncert,
     author    = "Bonifazi, C. and Collaboration, for the Pierre Auger",
     title     = "{The angular resolution of the Pierre Auger Observatory}",
     journal   = "Nucl. Phys. Proc. Suppl.",
     volume    = "190",
     year      = "2009",
     pages     = "20-25",
     eprint    = "0901.3138",
     archivePrefix = "arXiv",
     primaryClass  =  "astro-ph.HE",
     doi       = "10.1016/j.nuclphysbps.2009.03.063",
     SLACcitation  = "%%CITATION = 0901.3138;%%"
}


@ARTICLE{GBdS10-CenA,
   author = {{Gopal-Krishna} and {Biermann}, P.~L. and {de Souza}, V. and 
	{Wiita}, P.~J.},
    title = "{Ultra-high-energy Cosmic Rays from Centaurus A: Jet Interaction with Gaseous Shells}",
  journal = {\apjl},
archivePrefix = "arXiv",
   eprint = {1006.5022},
 primaryClass = "astro-ph.HE",
 keywords = {acceleration of particles, galaxies: individual: Cen A, galaxies: ISM, galaxies: jets, radio continuum: galaxies},
     year = 2010,
    month = sep,
   volume = 720,
    pages = {L155-L158},
      doi = {10.1088/2041-8205/720/2/L155},
   adsurl = {http://adsabs.harvard.edu/abs/2010ApJ...720L.155G},
  adsnote = {Provided by the SAO/NASA Astrophysics Data System}
}

@Article{WS12-HMBad,
      Author = "Robert L. Wolpert and Scott C. Schmidler",
       Title = "$\alpha$-Stable Limit Laws for Harmonic Mean Estimators
                of Marginal Likelihoods",
     Journal = "Statistica Sinica",
        Note = "In press; preprint at \url
                {http://ftp.stat.duke.edu/WorkingPapers/10-19.html}",
         DOI = "10.5705/ss.2010.221",
        Year = 2012,
}

@ARTICLE{WMJ11-BayesUHECR,
   author = {{Watson}, L.~J. and {Mortlock}, D.~J. and {Jaffe}, A.~H.},
    title = "{A Bayesian analysis of the 27 highest energy cosmic rays detected by the Pierre Auger Observatory}",
  journal = {\mnras},
archivePrefix = "arXiv",
   eprint = {1010.0911},
 primaryClass = "astro-ph.HE",
 keywords = {methods: statistical, surveys, cosmic rays, galaxies: active},
     year = 2011,
    month = nov,
   volume = 418,
    pages = {206-213},
      doi = {10.1111/j.1365-2966.2011.19476.x},
   adsurl = {http://adsabs.harvard.edu/abs/2011MNRAS.418..206W},
  adsnote = {Provided by the SAO/NASA Astrophysics Data System}
}

@INPROCEEDINGS{A+PAO08-Uncert,
   author = {{Ave}, M.},
    title = "{Reconstruction accuracy of the surface detector array of the Pierre Auger Observatory}",
booktitle = {International Cosmic Ray Conference},
     year = 2008,
   series = {International Cosmic Ray Conference},
   volume = 4,
    pages = {307-310},
   adsurl = {http://adsabs.harvard.edu/abs/2008ICRC....4..307A},
  adsnote = {Provided by the SAO/NASA Astrophysics Data System}
}

@ARTICLE{Sigl12,
   author = {{Sigl}, G.},
    title = "{High Energy Neutrinos and Cosmic Rays}",
  journal = {ArXiv e-prints},
archivePrefix = "arXiv",
   eprint = {1202.0466},
 primaryClass = "astro-ph.HE",
 keywords = {Astrophysics - High Energy Astrophysical Phenomena, High Energy Physics - Phenomenology},
     year = 2012,
    month = feb,
   adsurl = {http://adsabs.harvard.edu/abs/2012arXiv1202.0466S},
  adsnote = {Provided by the SAO/NASA Astrophysics Data System}
}

@ARTICLE{HRM02-Lens,
   author = {{Harari}, D. and {Mollerach}, S. and {Roulet}, E. and {S{\'a}nchez}, F.
	},
    title = "{Lensing of ultra-high energy cosmic rays in turbulent magnetic fields}",
  journal = {Journal of High Energy Physics},
   eprint = {arXiv:astro-ph/0202362},
     year = 2002,
    month = mar,
   volume = 3,
    pages = {45},
      doi = {10.1088/1126-6708/2002/03/045},
   adsurl = {http://adsabs.harvard.edu/abs/2002JHEP...03..045H},
  adsnote = {Provided by the SAO/NASA Astrophysics Data System}
}

@ARTICLE{HMR02,
   author = {{Harari}, D. and {Mollerach}, S. and {Roulet}, E.},
    title = "{Astrophysical magnetic field reconstruction and spectroscopy with ultra high energy cosmic rays}",
  journal = {Journal of High Energy Physics},
   eprint = {arXiv:astro-ph/0205484},
     year = 2002,
    month = jul,
   volume = 7,
    pages = {6},
      doi = {10.1088/1126-6708/2002/07/006},
   adsurl = {http://adsabs.harvard.edu/abs/2002JHEP...07..006H},
  adsnote = {Provided by the SAO/NASA Astrophysics Data System}
}

@INPROCEEDINGS{LLW96,
   author = {{Luo}, S. and {Loredo}, T. and {Wasserman}, I.},
    title = "{Likelihood analysis of GRB repetition}",
 keywords = {Mathematical procedures and computer techniques, gamma-ray sources; gamma-ray bursts},
booktitle = {American Institute of Physics Conference Series},
     year = 1996,
   series = {American Institute of Physics Conference Series},
   volume = 384,
   editor = "{C.~Kouveliotou, M.~F.~Briggs, \& G.~J.~Fishman}",
    month = aug,
    pages = {477-481},
      doi = {10.1063/1.51706},
   adsurl = {http://adsabs.harvard.edu/abs/1996AIPC..384..477L},
  adsnote = {Provided by the SAO/NASA Astrophysics Data System}
}

%      year = {2012b, in press; arXiv:1206.4278},
@INPROCEEDINGS{Loredo12-Coinc,
   author = {{Loredo}, T.~J.},
    title = "{Commentary on Bayesian coincidence assessment (cross-matching)}",
booktitle = {Statistical Challenges in Modern Astronomy},
     year = {2012},
   editor = "{E.~D.~Feigelson \& G.~J.~Babu}",
   publisher = {Springer},
    pages = {6pp},
}

@incollection {BG88-BayesFMM,
    AUTHOR = {Bernardo, J.-M. and Gir{\'o}n, F. J.},
     TITLE = {A {B}ayesian analysis of simple mixture problems},
 BOOKTITLE = {Bayesian statistics, 3 ({V}alencia, 1987)},
    SERIES = {Oxford Sci. Publ.},
     PAGES = {67--78},
 PUBLISHER = {Oxford Univ. Press},
   ADDRESS = {New York},
      YEAR = {1988},
   MRCLASS = {62F15},
  MRNUMBER = {1008044 (91a:62079)},
MRREVIEWER = {John G. Wilson},
}

@article {CGR06-Validn,
    AUTHOR = {Cook, Samantha R. and Gelman, Andrew and Rubin, Donald B.},
     TITLE = {Validation of software for {B}ayesian models using posterior
              quantiles},
   JOURNAL = {J. Comput. Graph. Statist.},
  FJOURNAL = {Journal of Computational and Graphical Statistics},
    VOLUME = {15},
      YEAR = {2006},
    NUMBER = {3},
     PAGES = {675--692},
      ISSN = {1061-8600},
   MRCLASS = {Database Expansion Item},
  MRNUMBER = {2291268},
       DOI = {10.1198/106186006X136976},
       URL = {http://dx.doi.org/10.1198/106186006X136976},
}
